@misc{manaio,
  note={http://man7.org/linux/man-pages/man7/aio.7.html}
}
@misc{paging,
  note={http://wiki.osdev.org/Paging}
}
@misc{fallocate,
  note={http://man7.org/linux/man-pages/man2/fallocate.2.html}
}
@misc{readahead,
  note={http://man7.org/linux/man-pages/man2/readahead.2.html}
}
@misc{madvise,
  note={http://man7.org/linux/man-pages/man2/madvise.2.html}
}
